@article{obspy,
    author = {Moritz Beyreuther and Robert Barsch and Lion Krischer and Tobias Megies and Yannik Behr and Joachim Wassermann},
    journal = {SRL},
    title = {{ObsPy: A Python Toolbox for Seismology}},
    year = {2010},
}

@phdthesis{seishub,
    author = {Robert Barsch},
    title = {{Web-based technology for storage and processing of multi-component data in seismology}},
    year = {2009},
    school = {LMU MÃ¼nchen},
}

@manual{seed,
    author = {Timothy K. Ahern and Bernard Dost},
    title = {{SEED Reference Manual - standard for the exchange of earthquake data - SEED format version 2.4}},
    year = {2009},
    month = {January},
    organization = {IRIS DMC},
}

@conference{xseed,
    title={{An XML-SEED Format for the Exchange of Synthetic Seismograms}},
    author={Tsuboi, S. and Tromp, J. and Komatitsch, D.},
    booktitle={EOS Transactions of American Geophysical Union. SF31B-03},
    year={2004}
}
